<?xml version="1.0" encoding="UTF-8"?><record xmlns="http://www.loc.gov/MARC21/slim" xmlns:cinclude="http://apache.org/cocoon/include/1.0" xmlns:zs="http://www.loc.gov/zing/srw/">
  <leader>01117cz  a2200217n  4500</leader>
  <controlfield tag="001">nr 98019842 </controlfield>
  <controlfield tag="003">DLC</controlfield>
  <controlfield tag="005">20140723081219.0</controlfield>
  <controlfield tag="008">980527n| azannaabn          |b aaa     c</controlfield>
  <datafield tag="010" ind1=" " ind2=" ">
    <subfield code="a">nr 98019842 </subfield>
    <subfield code="z">n  98951912 </subfield>
    <subfield code="z">n 2014039569</subfield>
  </datafield>
  <datafield tag="035" ind1=" " ind2=" ">
    <subfield code="a">(OCoLC)oca04744928</subfield>
  </datafield>
  <datafield tag="040" ind1=" " ind2=" ">
    <subfield code="a">NjP</subfield>
    <subfield code="b">eng</subfield>
    <subfield code="e">rda</subfield>
    <subfield code="c">NjP</subfield>
    <subfield code="d">DLC</subfield>
    <subfield code="d">PU-ME</subfield>
    <subfield code="d">OCoLC</subfield>
    <subfield code="d">DLC</subfield>
  </datafield>
  <datafield tag="100" ind1="1" ind2=" ">
    <subfield code="a">Maymān, Nāṣir ibn ʻAbd Allāh</subfield>
  </datafield>
  <datafield tag="400" ind1="1" ind2=" ">
    <subfield code="a">Mīmān, Nāṣir ibn ʻAbd Allāh</subfield>
  </datafield>
  <datafield tag="400" ind1="1" ind2=" ">
    <subfield code="a">Al-Miman, Nasir A.</subfield>
  </datafield>
  <datafield tag="400" ind1="1" ind2=" ">
    <subfield code="a">ميمان، ناصر بن عبد الله</subfield>
  </datafield>
  <datafield tag="667" ind1=" " ind2=" ">
    <subfield code="a">Machine-derived non-Latin script reference project.</subfield>
  </datafield>
  <datafield tag="667" ind1=" " ind2=" ">
    <subfield code="a">Non-Latin script reference not evaluated.</subfield>
  </datafield>
  <datafield tag="670" ind1=" " ind2=" ">
    <subfield code="a">al-Tawḍīḥ, 1997:</subfield>
    <subfield code="b">v. 1, t.p. (Nāṣir ibn ʻAbd Allāh ibn ʻAbd al-ʻAzīz al-Maymān)</subfield>
  </datafield>
  <datafield tag="670" ind1=" " ind2=" ">
    <subfield code="a">LC in RLIN, Apr. 27, 1998</subfield>
    <subfield code="b">(AACR2 hdg.: Maymān, Nāṣir ibn ʻAbd Allāh; usage: Nāṣir ibn ʻAbd Allāh al-Maymān)</subfield>
  </datafield>
  <datafield tag="670" ind1=" " ind2=" ">
    <subfield code="a">al-Kullīyat al-fiqhīyah fī al-madhhab ... 2003 or 2004:</subfield>
    <subfield code="b">t.p. (Nāṣir ibn ʻAbd Allāh ibn ʻAbd al-ʻAzīz al-Maymān, ustādh mushārik fī al-fiqh wa-uṣūlih) p. 4 of cover (Nasir A. Al-Miman)</subfield>
  </datafield>
</record>